
@article{holzapfelNonlinearSolidMechanics2002,
  title = {Nonlinear {{Solid Mechanics}}: {{A Continuum Approach}} for {{Engineering Science}}},
  shorttitle = {Nonlinear {{Solid Mechanics}}},
  author = {Holzapfel, Gerhard A.},
  year = {2002},
  month = jul,
  journal = {Meccanica},
  volume = {37},
  number = {4},
  pages = {489--490},
  issn = {1572-9648},
  doi = {10.1023/A:1020843529530},
  urldate = {2025-08-28},
  langid = {english},
  file = {/Users/jbestrad/Zotero/storage/ALKXNQ8T/Holzapfel - 2002 - Nonlinear Solid Mechanics A Continuum Approach for Engineering Science.pdf}
}

@online{rileyMathematicalMethodsPhysics2006,
  title = {Mathematical {{Methods}} for {{Physics}} and {{Engineering}}: {{A Comprehensive Guide}}},
  shorttitle = {Mathematical {{Methods}} for {{Physics}} and {{Engineering}}},
  author = {Riley, K. F. and Hobson, M. P. and Bence, S. J.},
  date = {2006-03-12},
  publisher = {Cambridge University Press},
  doi = {10.1017/CBO9780511810763},
  url = {https://www.cambridge.org/highereducation/books/mathematical-methods-for-physics-and-engineering/FC466374D5B94E86D969100070CA6483},
  urldate = {2025-09-02},
  abstract = {The third edition of this highly acclaimed undergraduate textbook is suitable for teaching all the mathematics for an undergraduate course in any of the physical sciences. As well as lucid descriptions of all the topics and many worked examples, it contains over 800 exercises. New stand-alone chapters give a systematic account of the 'special functions' of physical science, cover an extended range of practical applications of complex variables, and give an introduction to quantum operators. Further tabulations, of relevance in statistics and numerical integration, have been added. In this edition, half of the exercises are provided with hints and answers and, in a separate manual available to both students and their teachers, complete worked solutions. The remaining exercises have no hints, answers or worked solutions and can be used for unaided homework; full solutions are available to instructors on a password-protected web site, www.cambridge.org/9780521679718.},
  isbn = {9780511810763},
  langid = {english},
  organization = {Cambridge Aspire website},
  file = {/Users/jbestrad/Zotero/storage/A7URNE73/FC466374D5B94E86D969100070CA6483.html}
}

@article{swieczko-zurekTyreRollingResistance2017,
  title = {Tyre rolling resistance and its influence of fuel consumption},
  author = {Świeczko-Żurek, B, et al..},
  year = {2017},
  month = feb,
  journal = {Combustion Engines},
  volume = {168},
  number = {1},
  pages = {62--67},
  doi = {10.19206/CE-2017-110},
  urldate = {2025-09-19},
  langid = {english}
}

@article{pacejkaMagicFormula1992,
  title = {{THE MAGIC FORMULA TYRE MODEL}},
  author = {Pacejka, H. B., and Bakker, E.},
  year = {1992},
  month = jan,
  journal = {Vehicle System Dynamics},
  volume = {21},
  number = {sup001},
  pages = {1--18},
  doi = {10.1080/00423119208969994},
  urldate = {2025-09-19},
  langid = {english}
}

@article{bergstrom-boyceConstModelLargeStrain1998,
  title = {Constitutive modeling of the large strain time-dependent behavior of elastomers},
  author = {Bergström, J. S., and Boyce, M. C.},
  year = {1998},
  month = may,
  journal = {Journal of the Mechanics and Physics of Solids},
  volume = {46},
  number = {5},
  pages = {931--954},
  doi = {10.1016/S0022-5096(97)00075-6},
  urldate = {2025-09-19},
  langid = {english}
}

@article{perssonRubberFrictionContactMech2001,
  title = {Theory of {R}ubber {F}riction and {C}ontact {M}echanics},
  author = {Persson, B. N. J.},
  year = {2001},
  month = aug,
  journal = {The Journal of Chemical Physics},
  volume = {115},
  number = {8},
  pages = {3840--3861},
  doi = {10.1063/1.1388626},
  urldate = {2025-09-19},
  langid = {english}
}

@article{kluppel-heinrichRubberFrictionSelfAffineRoad2000,
  title = {Rubber {F}riction on {S}elf-{A}ffine {R}oad {T}racks},
  author = {Klüppel, M. and Heinrich, G.},
  year = {2000},
  month = sep,
  journal = {Rubber Chemistry and Technology},
  volume = {73},
  number = {4},
  pages = {578--606},
  doi = {10.5254/1.3547607},
  urldate = {2025-09-19},
  langid = {english}
}

 @article{Grosch_2007, title={Goodyear {M}edalist {L}ecture. {R}ubber {F}riction and its {R}elation to {T}ire {T}raction}, volume={80}, ISSN={1943-4804, 0035-9475}, DOI={10.5254/1.3548172}, number={3}, journal={Rubber Chemistry and Technology}, author={Grosch, K. A.}, year={2007}, month=jul, pages={379–411} }

 @article{Lorenz_Pyckhout-Hintzen_Persson_2014, title={Master curve of viscoelastic solid: Using causality to determine the optimal shifting procedure, and to test the accuracy of measured data}, volume={55}, ISSN={0032-3861}, DOI={10.1016/j.polymer.2013.12.033}, number={2}, journal={Polymer}, author={Lorenz, B. and Pyckhout-Hintzen, W. and Persson, B. N. J.}, year={2014}, month=jan, pages={565–571} }

 @article{Carbone_Putignano_2014, title={Rough viscoelastic sliding contact: {T}heory and experiments}, volume={89}, DOI={10.1103/PhysRevE.89.032408}, number={3}, journal={Physical Review E}, author={Carbone, G. and Putignano, C.}, year={2014} }

 @article{Putignano_Afferrante_Carbone_Demelio_2012, title={The influence of the statistical properties of self-affine surfaces in elastic contacts: A numerical investigation}, volume={60}, ISSN={0022-5096}, DOI={10.1016/j.jmps.2012.01.006}, number={5}, journal={Journal of the Mechanics and Physics of Solids}, author={Putignano, C. and Afferrante, L. and Carbone, G. and Demelio, G.}, year={2012}, month=may, pages={973–982} }

 @article{Haney_2003, title={The {R}acing & {H}igh-performance {T}ire: {U}sing the {T}ires to {T}une for {G}rip and {B}alance}, note={Google-Books-ID: WjFHAQAAIAAJ}, author={Haney, Paul}, year={2003}, language={en}, journal={TV Motorsports} }

  @article{Williams_Landel_Ferry_1955, title={The {T}emperature {D}ependence of {R}elaxation {M}echanisms in {A}morphous {P}olymers and {O}ther {G}lass-forming {L}iquids}, volume={77}, ISSN={0002-7863}, DOI={10.1021/ja01619a008}, number={14}, journal={Journal of the American Chemical Society}, publisher={American Chemical Society}, author={Williams, Malcolm L. and Landel, Robert F. and Ferry, John D.}, year={1955}, month=jul, pages={3701–3707} }

 @article{Salehi_Noordermeer_Reuvekamp_Blume_2021, title={Understanding {T}est {M}odalities of {T}ire {G}rip and {L}aboratory-{R}oad {C}orrelations with {M}odeling}, volume={69}, ISSN={1023-8883, 1573-2711}, DOI={10.1007/s11249-021-01490-2}, number={3}, journal={Tribology Letters}, author={Salehi, Marzieh and Noordermeer, Jacques W. M. and Reuvekamp, Louis A. E. M. and Blume, Anke}, year={2021}, month=sep, pages={116}, language={en} }

 @article{Lakes_2009, title={Viscoelastic {M}aterials}, url={https://www.cambridge.org/core/books/viscoelastic-materials/0B8FFF3CB84A5CB41670EAC5D19CB61E}, DOI={10.1017/CBO9780511626722}, author={Lakes, Roderic}, year={2009}, journal={Cambridge University Press} }






